<?xml version="1.0" encoding="UTF-8"?><collection xmlns="http://www.loc.gov/MARC21/slim"><record><leader>00561nam--2200181-i-4500</leader><controlfield tag="001">000016452</controlfield><controlfield tag="002">20161230</controlfield><controlfield tag="005">20161230201031</controlfield><controlfield tag="008">060222s1000------------r-----000-0-fre-d</controlfield><datafield ind1=" " ind2=" " tag="040"><subfield code="a">IFIN-HH</subfield></datafield><datafield ind1=" " ind2=" " tag="041"><subfield code="a">fre</subfield></datafield><datafield ind1=" " ind2=" " tag="080"><subfield code="a">535.375(043)</subfield></datafield><datafield ind1="1" ind2=" " tag="100"><subfield code="a">Bardeche, Gerard</subfield></datafield><datafield ind1="1" ind2="0" tag="245"><subfield code="a">Spectroscopie d`un jet moleculaire par la me thode des champs separes. application a l`e tude de la distribution des vitesses</subfield><subfield code="b">These</subfield><subfield code="c">Gerard bardeche</subfield></datafield><datafield ind1=" " ind2=" " tag="260"><subfield code="a">Besancon</subfield><subfield code="b">Universite</subfield><subfield code="c">1974</subfield></datafield><datafield ind1=" " ind2=" " tag="300"><subfield code="a">144 P. + FIG</subfield></datafield><datafield ind1=" " ind2=" " tag="852"><subfield code="a">78306</subfield><subfield code="c">535.37</subfield></datafield><datafield ind1=" " ind2=" " tag="CAT"><subfield code="a">Sys</subfield><subfield code="c">20110502</subfield><subfield code="h">141851</subfield></datafield></record></collection>